@inproceedings{sohn2012joint,
  title={Joint estimation of structured sparsity and output structure in multiple-output regression via inverse-covariance regularization},
  author={Sohn, Kyung-Ah and Kim, Seyoung},
  booktitle={International Conference on Artificial Intelligence and Statistics},
  pages={1081--1089},
  year={2012}
}