@inproceedings{sohn2012joint,
  title={Joint estimation of structured sparsity and output structure in multiple-output regression via inverse-covariance regularization},
  author={Sohn, Kyung-Ah and Kim, Seyoung},
  booktitle={International Conference on Artificial Intelligence and Statistics},
  pages={1081--1089},
  year={2012}
}

@inproceedings{lee2013structure,
  title={Structure Learning of Mixed Graphical Models},
  author={Lee, Jason and Hastie, Trevor},
  booktitle={Proceedings of the Sixteenth International Conference on Artificial Intelligence and Statistics},
  pages={388--396},
  year={2013}
}

@inproceedings{kim2010tree,
  title={Tree-guided group lasso for multi-task regression with structured sparsity},
  author={Kim, Seyoung and Xing, Eric P},
  booktitle={Proceedings of the 27th International Conference on Machine Learning (ICML-10)},
  pages={543--550},
  year={2010}
}

@article{rothman2010sparse,
  title={Sparse multivariate regression with covariance estimation},
  author={Rothman, Adam J and Levina, Elizaveta and Zhu, Ji},
  journal={Journal of Computational and Graphical Statistics},
  volume={19},
  number={4},
  pages={947--962},
  year={2010},
  publisher={Taylor \& Francis}
}

@article{lauritzen1989graphical,
  title={Graphical models for associations between variables, some of which are qualitative and some quantitative},
  author={Lauritzen, Steffen L and Wermuth, Nanny},
  journal={The Annals of Statistics},
  pages={31--57},
  year={1989},
  publisher={JSTOR}
}


@article{schadt2008mapping,
  title={Mapping the genetic architecture of gene expression in human liver},
  author={Schadt, Eric E and Molony, Cliona and Chudin, Eugene and Hao, Ke and Yang, Xia and Lum, Pek Y and Kasarskis, Andrew and Zhang, Bin and Wang, Susanna and Suver, Christine and others},
  journal={PLoS biology},
  volume={6},
  number={5},
  pages={e107},
  year={2008},
  publisher={Public Library of Science}
}

@article{chen2008variations,
  title={Variations in DNA elucidate molecular networks that cause disease},
  author={Chen, Yanqing and Zhu, Jun and Lum, Pek Yee and Yang, Xia and Pinto, Shirly and MacNeil, Douglas J and Zhang, Chunsheng and Lamb, John and Edwards, Stephen and Sieberts, Solveig K and others},
  journal={Nature},
  volume={452},
  number={7186},
  pages={429--435},
  year={2008},
  publisher={Nature Publishing Group}
}

@article{basso2005reverse,
  title={Reverse engineering of regulatory networks in human B cells},
  author={Basso, Katia and Margolin, Adam A and Stolovitzky, Gustavo and Klein, Ulf and Dalla-Favera, Riccardo and Califano, Andrea},
  journal={Nature genetics},
  volume={37},
  number={4},
  pages={382--390},
  year={2005},
  publisher={Nature Publishing Group}
}



@phdthesis{schmidt2010graphical,
  title={Graphical model structure learning with l1-regularization},
  author={Schmidt, Mark},
  year={2010},
  school={UNIVERSITY OF BRITISH COLUMBIA (Vancouver}
}

@article{schmidt2011projected,
  title={Projected Newton-type methods in machine learning},
  author={Schmidt, Mark and Kim, Dongmin and Sra, Suvrit},
  year={2011},
  publisher={Citeseer}
}

@article{lee2012proximal,
  title={Proximal Newton-type methods for minimizing convex objective functions in composite form},
  author={Lee, Jason D and Sun, Yuekai and Saunders, Michael A},
  year={2012}
}

@article{tibshirani1996regression,
  title={Regression shrinkage and selection via the lasso},
  author={Tibshirani, Robert},
  journal={Journal of the Royal Statistical Society. Series B (Methodological)},
  pages={267--288},
  year={1996},
  publisher={JSTOR}
}

@inproceedings{obozinski2008high,
  title={High-dimensional support union recovery in multivariate regression},
  author={Obozinski, Guillaume R and Wainwright, Martin J and Jordan, Michael I},
  booktitle={Advances in Neural Information Processing Systems},
  pages={1217--1224},
  year={2008}
}

@article{kim2009statistical,
  title={Statistical estimation of correlated genome associations to a quantitative trait network},
  author={Kim, Seyoung and Xing, Eric P},
  journal={PLoS genetics},
  volume={5},
  number={8},
  pages={e1000587},
  year={2009},
  publisher={Public Library of Science}
}


@article{burton2007genome,
  title={Genome-wide association study of 14,000 cases of seven common diseases and 3,000 shared controls},
  author={Burton, Paul R and Clayton, David G and Cardon, Lon R and Craddock, Nick and Deloukas, Panos and Duncanson, Audrey and Kwiatkowski, Dominic P and McCarthy, Mark I and Ouwehand, Willem H and Samani, Nilesh J and others},
  journal={Nature},
  volume={447},
  number={7145},
  pages={661--678},
  year={2007},
  publisher={Nature Publishing Group}
}